@article{tong2005network,
	title={A network-based distributed slack bus model for DGs in unbalanced power flow studies},
	author={Tong, Shiqiong and Miu, Karen Nan},
	journal={IEEE Transactions on Power Systems},
	volume={20},
	number={2},
	pages={835--842},
	year={2005},
	publisher={IEEE}
}

@article{meisel1993system,
	title={System incremental cost calculations using the participation factor load-flow formulation},
	author={Meisel, Jerome},
	journal={IEEE transactions on power systems},
	volume={8},
	number={1},
	pages={357--363},
	year={1993},
	publisher={IEEE}
}


@INPROCEEDINGS{trias2012holomorphic, 
	author={A. Trias}, 
	booktitle={2012 IEEE Power and Energy Society General Meeting}, 
	title={The Holomorphic Embedding Load Flow method}, 
	year={2012}, 
	volume={}, 
	number={}, 
	pages={1-8}, 
	keywords={iterative methods;load flow;power system dynamic stability;power system reliability;holomorphic embedding load flow method;steady state equations;power systems;US patents;iterative methods;real-time applications;contingency analysis;OPF;limit-violations solvers;restoration plan builders;real-time EMS products;Convergence;Load flow;Equations;Mathematical model;Real-time systems;Iterative methods;Load modeling;Load flow analysis;power system modeling;power system simulation;power engineering computing;energy management;decision support systems;power system restoration}, 
	doi={10.1109/PESGM.2012.6344759}, 
	ISSN={1932-5517}, 
	month={July}
}

@Misc{GNUAGPLv3,
	note    = {GNU Affero General Public License v3.0},
	url       = {https://opensource.org/licenses/AGPL-3.0},
}

@article{HELMpy,
	note    = {HELMpy, open source package of power flow solvers, including the Holomorphic Embedding Load Flow Method (HELM), developed on Python 3},
	url       = {https://github.com/HELMpy/HELMpy},
}


@article{python,
	note    = {Python programming language},
	url       = {https://www.python.org/},
}

@article{numpy,
	note    = {NumPy, fundamental package for scientific computing with Python},
	url       = {http://www.numpy.org/},
}

@article{scipy,
	note    = {SciPy, Python-based ecosystem of open-source software},
	url       = {https://www.scipy.org/},
}

@article{pandas,
	note    = {Pandas, Python Data Analysis Library},
	url       = {https://pandas.pydata.org/},
}

@Mastersthesis{subramanian2014application,
	title={Application of holomorphic embedding to the power-flow problem},
	author={Subramanian, Muthu Kumar},
	year={2014},
	school={Arizona State University}
}

@article{rao2016holomorphic,
	title={The holomorphic embedding method applied to the power-flow problem},
	author={Rao, Shruti and Feng, Yang and Tylavsky, Daniel J and Subramanian, Muthu Kumar},
	journal={IEEE Transactions on Power Systems},
	volume={31},
	number={5},
	pages={3816--3828},
	year={2016},
	publisher={IEEE}
}

@article{trias2015fundamentals,
	author    = {Antonio Trias},
	title     = {Fundamentals of the Holomorphic Embedding Load-Flow Method},
	year      = {2015},
	url       = {http://arxiv.org/abs/1509.02421},
}

@ARTICLE{matpower,
	author={R. D. Zimmerman and C. E. Murillo-Sanchez and R. J. Thomas},
	journal={IEEE Transactions on Power Systems},
	title={MATPOWER: Steady-State Operations, Planning, and Analysis Tools for Power Systems Research and Education},
	year={2011},
	volume={26},
	number={1},
	pages={12-19},
	keywords={load flow;mathematics computing;piecewise linear techniques;power generation dispatch;power generation planning;power system simulation;MATPOWER;steady-state operation;power system planning;power system research;power system education;Matlab-based power system simulation package;optimal power flow;OPF architecture;user defined variable;network modeling;piecewise linear cost function;load dispatch;branch angle difference;DC OPF problem;Power system planning;Steady-state;Power system analysis computing;Power system simulation;Load flow;Open source software;Computer languages;Packaging;Costs;Mathematical model;Load flow analysis;optimal power flow;optimization methods;power engineering;power engineering education;power system economics;power system simulation;power systems;simulation software;software tools},
	doi={10.1109/TPWRS.2010.2051168},
	ISSN={0885-8950},
	month={Feb}
}
